@article{puig2024publicacio,
  title={Publicaci{\'o} amb Quarto (Curs 2023-2024)},
  author={Puig Sadurn{\'\i}, Joaquim},
  year={2024}
}